<?xml version="1.0" encoding="UTF-8"?>
<record xmlns="http://www.loc.gov/MARC21/slim" xmlns:xsi="http://www.w3.org/2001/XMLSchema-instance" xsi:schemaLocation="http://www.loc.gov/MARC21/slim http://www.loc.gov/standards/marcxml/schema/MARC21slim.xsd">
<leader>00000nam a2200289 a 4500</leader>
<controlfield tag="001">001374300</controlfield>
<controlfield tag="003">NNU</controlfield>
<controlfield tag="005">20150118143559.0</controlfield>
<controlfield tag="008">980416s1920    le            000 0 ara</controlfield>
<datafield tag="010" ind1=" " ind2=" ">
<subfield code="a">68004668</subfield>
</datafield>
<datafield tag="035" ind1="9" ind2=" ">
<subfield code="a">NYUb11790934</subfield>
</datafield>
<datafield tag="035" ind1=" " ind2=" ">
<subfield code="a">(CStRLIN)NYUG98-B1148</subfield>
</datafield>
<datafield tag="040" ind1=" " ind2=" ">
<subfield code="a">DLC</subfield>
<subfield code="c">DLC</subfield>
<subfield code="d">MH</subfield>
<subfield code="d">CStRLIN</subfield>
<subfield code="d">NNU</subfield>
</datafield>
<datafield tag="050" ind1=" " ind2="4">
<subfield code="a">PJ7643</subfield>
<subfield code="b">.A1 1920</subfield>
</datafield>
<datafield tag="066" ind1=" " ind2=" ">
<subfield code="c">(3</subfield>
</datafield>
<datafield tag="100" ind1="0" ind2=" ">
<subfield code="6">880-01</subfield>
<subfield code="a">Mufaḍḍal ibn Muḥammad al-Ḍabbī,</subfield>
<subfield code="d">active 8th century.</subfield>
</datafield>
<datafield tag="245" ind1="1" ind2="0">
<subfield code="6">880-02</subfield>
<subfield code="a">Dīwān al-Mufaḍḍaliyāt :</subfield>
<subfield code="b">wa-hiya nukhbah min qaṣāʼid al-shuʻarāʼ al-muqallīn fī al-Jāhilīyah wa-awāʼil al-Islām /</subfield>
<subfield code="c">ihktārahā Abū al-ʻAbbās al-Mufaḍḍal ibn Muḥammad al-Dabbī ; maʻa sharḥ wāfir li-Abī Muḥammad al-Qāsim ibn Muḥammad ibn Bashār al-Anbārī ; ʻuníyá bi-ṭabʻih wa-muqābalat naskhih wa-tadhyīlih bi-ḥawāshin wa-riwāyāt li-ʻiddat lughawiyyīn wa-ʻulamāʼ Kārilūs Yaʻqūb Lāyil.</subfield>
</datafield>
<datafield tag="246" ind1="3" ind2="0">
<subfield code="6">880-03</subfield>
<subfield code="a">Mufaḍḍaliyāt</subfield>
</datafield>
<datafield tag="246" ind1="3" ind2=" ">
<subfield code="6">880-03</subfield>
<subfield code="a">Mufaḍḍalīyāt</subfield>
</datafield>
<datafield tag="260" ind1=" " ind2=" ">
<subfield code="6">880-04</subfield>
<subfield code="a">Bayrūt :</subfield>
<subfield code="b">Maṭbaʻat al-Ābāʼ al-Yasūʻiyyīn,</subfield>
<subfield code="c">1920.</subfield>
</datafield>
<datafield tag="300" ind1=" " ind2=" ">
<subfield code="a">892, xxxviii p. ;</subfield>
<subfield code="c">30 cm.</subfield>
</datafield>
<datafield tag="500" ind1=" " ind2=" ">
<subfield code="a">English t. p.: The Mufaddaliyat: an anthology of ancient Arabian odes compiled by al-Mufaddal son of Muhammad, according to the recension and with the commentary of Abu Muhammad al-Qasim ibn Muhammad al-Anbari. Edited for the first time by Charles James Lyall.</subfield>
</datafield>
<datafield tag="650" ind1=" " ind2="0">
<subfield code="a">Arabic poetry.</subfield>
</datafield>
<datafield tag="700" ind1="1" ind2=" ">
<subfield code="a">Ibn al-Anbārī, Muḥammad ibn al-Qāsim,</subfield>
<subfield code="d">885-940?</subfield>
<subfield code="6">880-04</subfield>
</datafield>
<datafield tag="880" ind1="0" ind2=" ">
<subfield code="6">100-01/</subfield>
<subfield code="a">مفضل بن محمد الضبي،</subfield>
<subfield code="d">active 8th century.</subfield>
</datafield>
<datafield tag="880" ind1="1" ind2="0">
<subfield code="6">245-02/</subfield>
<subfield code="a">ديوان المفضليات :</subfield>
<subfield code="b">وهي نخبة من قصائد الشعراء المقلين في الجاهلية واوائل الإسلام /</subfield>
<subfield code="c">اختارها أبو العباس المفضل بن محمد الضبي ؛ مع شرح وافر لأبي محمد القاسم بن محمد بن بشار الأنباري ؛ عنيى بطبعه ومقابلة نسخه وتذييله بحواشن وروايات لعدة لغوتين وعلماز كارلوس يعقوب لايل.</subfield>
</datafield>
<datafield tag="880" ind1="3" ind2="0">
<subfield code="6">246-03/</subfield>
<subfield code="a">مفضليات</subfield>
</datafield>
<datafield tag="880" ind1=" " ind2=" ">
<subfield code="6">260-04/</subfield>
<subfield code="a">بيروت :</subfield>
<subfield code="b">مطبعة الآباء اليسوعيين،</subfield>
<subfield code="c">١٩٢٠.</subfield>
</datafield>
<datafield tag="880" ind1="1" ind2=" ">
<subfield code="6">700-04/</subfield>
<subfield code="a">ابن الأنباري، محمد بن القاسم،</subfield>
<subfield code="d">885-940?</subfield>
</datafield>
<datafield tag="OWN" ind1=" " ind2=" ">
<subfield code="a">GENERAL</subfield>
</datafield>
<datafield tag="AVA" ind1=" " ind2=" ">
<subfield code="a">NYU50</subfield>
<subfield code="b">BOBST</subfield>
<subfield code="c">Main Collection</subfield>
<subfield code="d">PJ7643 .A1 1920 Oversize</subfield>
<subfield code="e">unavailable</subfield>
<subfield code="t">Unavailable</subfield>
<subfield code="f">1</subfield>
<subfield code="g">1</subfield>
<subfield code="h">N</subfield>
<subfield code="i">0</subfield>
<subfield code="j">MAIN</subfield>
<subfield code="k">0</subfield>
</datafield>
</record>
